<record><leader>00000cas a2200000 a 4500</leader><controlfield tag="001">12548648</controlfield><controlfield tag="008">850914d19081913hiuwx ne      0    0eng d</controlfield><datafield ind1=" " ind2=" " tag="010"><subfield code="a">sn 85047154 </subfield></datafield><datafield ind1=" " ind2=" " tag="040"><subfield code="a">HUH</subfield><subfield code="b">eng</subfield><subfield code="c">HUH</subfield><subfield code="d">HWN</subfield><subfield code="d">OCL</subfield><subfield code="d">OCLCQ</subfield><subfield code="d">OCLCF</subfield><subfield code="d">OCLCO</subfield></datafield><datafield ind1="1" ind2=" " tag="029"><subfield code="a">AU@</subfield><subfield code="b">000022168270</subfield></datafield><datafield ind1=" " ind2=" " tag="042"><subfield code="a">msc</subfield></datafield><datafield ind1=" " ind2=" " tag="043"><subfield code="a">n-us-hi</subfield></datafield><datafield ind1="0" ind2="4" tag="245"><subfield code="a">The Kohala midget.</subfield></datafield><datafield ind1=" " ind2=" " tag="260"><subfield code="a">Kohala, T.H. :</subfield><subfield code="b">Boys' C.E. Club, Union Church,</subfield><subfield code="c">1908-1913.</subfield></datafield><datafield ind1=" " ind2=" " tag="300"><subfield code="a">6 v. :</subfield><subfield code="b">ill. ;</subfield><subfield code="c">31 cm.</subfield></datafield><datafield ind1=" " ind2=" " tag="310"><subfield code="a">Weekly,</subfield><subfield code="b">Sept. 1909-1913</subfield></datafield><datafield ind1=" " ind2=" " tag="321"><subfield code="a">Biweekly,</subfield><subfield code="b">1908-Aug. 1909</subfield></datafield><datafield ind1="0" ind2=" " tag="362"><subfield code="a">Sept. 19, 1908-v. 6, no. 11 (Sept. 24, 1913).</subfield></datafield><datafield ind1=" " ind2=" " tag="550"><subfield code="a">Published by The Midget Association, Apr. 30, 1909-1913.</subfield></datafield><datafield ind1=" " ind2="0" tag="651"><subfield code="a">Hawaii Island (Hawaii)</subfield><subfield code="v">Periodicals.</subfield></datafield><datafield ind1=" " ind2="7" tag="655"><subfield code="a">Periodicals.</subfield><subfield code="2">fast</subfield><subfield code="0">(OCoLC)fst01411641</subfield></datafield><datafield ind1=" " ind2="7" tag="651"><subfield code="a">Hawaii</subfield><subfield code="z">Hawaii Island.</subfield><subfield code="2">fast</subfield><subfield code="0">(OCoLC)fst01213101</subfield></datafield><datafield ind1="2" ind2=" " tag="710"><subfield code="a">Union Church (Kohala, Hawaii).</subfield><subfield code="b">Boys' C.E. Club.</subfield></datafield><datafield ind1=" " ind2=" " tag="752"><subfield code="a">United States</subfield><subfield code="b">Hawaii</subfield><subfield code="c">Hawaii</subfield><subfield code="d">Kohala.</subfield></datafield><datafield ind1="0" ind2="0" tag="785"><subfield code="t">Midget (Kohala, Hawaii)</subfield><subfield code="w">(DLC)sn 85047155</subfield></datafield></record>